@article{planeet,
    author={Zhu, Zhaohuan},
    title={Astrophysics: Growing planet brought to light},
    journal={Nature},
    year={2015},
    month={Nov},
    day={19}, 
    volume={527},
    number={7578}, 
    url={http://dx.doi.org/10.1038/527310a}
} 
@book{leven,
    title = "The emergence of life: from chemical origins ot synthetic biology",
    year = "2010", 
    month = "august",
    author = "Pier Luigi Luisi", 
    publisher = "Cambridge University Press"
}
@book{oerknal,  
  author = {Carroll, Sean}, 
  isbn = {0805387323}, 
  title = {Spacetime and Geometry: An Introduction to General Relativity}, 
  year = 2003
} 
@article{ligo,
  title = {Observation of Gravitational Waves from a Binary Black Hole Merger},
  author = {Abbott, B. P.},
  collaboration = {LIGO Scientific Collaboration and Virgo Collaboration},
  journal = {Phys. Rev. Lett.},
  volume = {116},
  issue = {6},
  year = {2016},
  doi = {10.1103/PhysRevLett.116.061102},
  note = "Author list omitted because it is significantly more extensive."
}
@book{ster,
    author={Steven W Stahler and Francesco Palla},
    title={The formation of stars},
    year={2004},   
    isbn = {9783527405596}
}
@book{afstamming,
    author={Charles Darwin},
    title={On the origin of species by means of natural selection, or the preservation of favored races in the struggle for life},
    year={1859},   
    isbn = {9780486450063}
}